<record><leader>00000cas a2200000 a 4500</leader><controlfield tag="001">14926860</controlfield><controlfield tag="008">861205d18691903wyuwr ne      0    0eng  </controlfield><controlfield tag="009">466</controlfield><datafield ind1=" " ind2=" " tag="010"><subfield code="a">sn 86072179 </subfield></datafield><datafield ind1=" " ind2=" " tag="040"><subfield code="a">DLC</subfield><subfield code="b">eng</subfield><subfield code="c">DLC</subfield><subfield code="d">ANU</subfield><subfield code="d">NVO</subfield><subfield code="d">NVG</subfield><subfield code="d">OCL</subfield><subfield code="d">OCLCO</subfield><subfield code="d">OCLCF</subfield></datafield><datafield ind1="1" ind2=" " tag="029"><subfield code="a">AU@</subfield><subfield code="b">000020444130</subfield></datafield><datafield ind1=" " ind2=" " tag="042"><subfield code="a">msc</subfield></datafield><datafield ind1=" " ind2=" " tag="043"><subfield code="a">n-us-wy</subfield></datafield><datafield ind1="0" ind2="0" tag="050"><subfield code="a">Newspaper 10302</subfield></datafield><datafield ind1="0" ind2=" " tag="130"><subfield code="a">Wyoming tribune (Cheyenne, Wyo. : 1869 : Weekly)</subfield></datafield><datafield ind1="0" ind2="0" tag="245"><subfield code="a">Wyoming tribune.</subfield></datafield><datafield ind1=" " ind2=" " tag="260"><subfield code="a">Cheyenne [Wyo.] :</subfield><subfield code="b">S. Allan Bristol,</subfield><subfield code="c">1869-</subfield></datafield><datafield ind1=" " ind2=" " tag="300"><subfield code="a">v.</subfield></datafield><datafield ind1=" " ind2=" " tag="310"><subfield code="a">Weekly</subfield></datafield><datafield ind1="0" ind2=" " tag="362"><subfield code="a">Vol. 1, no. 1 (Nov. 20, 1869)-</subfield></datafield><datafield ind1="1" ind2=" " tag="362"><subfield code="a">Ceased in 1903.</subfield></datafield><datafield ind1=" " ind2=" " tag="580"><subfield code="a">Daily ed.: Wyoming tribune (Cheyenne, Wyo. : 1869 : Daily).</subfield></datafield><datafield ind1=" " ind2="0" tag="651"><subfield code="a">Cheyenne (Wyo.)</subfield><subfield code="v">Newspapers.</subfield></datafield><datafield ind1=" " ind2="0" tag="651"><subfield code="a">Laramie County (Wyo.)</subfield><subfield code="v">Newspapers.</subfield></datafield><datafield ind1=" " ind2="7" tag="655"><subfield code="a">Newspapers.</subfield><subfield code="2">fast</subfield><subfield code="0">(OCoLC)fst01423814</subfield></datafield><datafield ind1=" " ind2="7" tag="651"><subfield code="a">Wyoming</subfield><subfield code="z">Cheyenne.</subfield><subfield code="2">fast</subfield><subfield code="0">(OCoLC)fst01207517</subfield></datafield><datafield ind1=" " ind2="7" tag="651"><subfield code="a">Wyoming</subfield><subfield code="z">Laramie County.</subfield><subfield code="2">fast</subfield><subfield code="0">(OCoLC)fst01225729</subfield></datafield><datafield ind1=" " ind2=" " tag="752"><subfield code="a">United States</subfield><subfield code="b">Wyoming</subfield><subfield code="c">Laramie</subfield><subfield code="d">Cheyenne.</subfield></datafield><datafield ind1="1" ind2=" " tag="775"><subfield code="t">Wyoming tribune (Cheyenne, Wyo. : 1869 : Daily)</subfield><subfield code="w">(DLC)sn 83025231</subfield><subfield code="w">(OCoLC)9344189</subfield></datafield><datafield ind1="0" ind2="0" tag="785"><subfield code="t">Wyoming semi-weekly tribune (Cheyenne, Wyo. : 1903)</subfield><subfield code="w">(DLC)sn 92067141</subfield><subfield code="w">(OCoLC)26242649</subfield></datafield></record>